[gd_scene load_steps=5 format=2]

[ext_resource path="res://Assets/Fonts/Raw/dynamicfont2.tres" type="DynamicFont" id=1]
[ext_resource path="res://Assets/kenney_platformerpack/PNG/Backgrounds/select.jpg" type="Texture" id=2]
[ext_resource path="res://Scenes/stage.gd" type="Script" id=3]
[ext_resource path="res://Scenes/stage2.gd" type="Script" id=4]

[node name="MarginContainer" type="MarginContainer"]
anchor_right = 1.0
anchor_bottom = 1.0
__meta__ = {
"_edit_use_anchors_": false
}

[node name="Sprite" type="Sprite" parent="."]
position = Vector2( 515.687, 297.699 )
scale = Vector2( 1.39397, 1.56096 )
texture = ExtResource( 2 )

[node name="CenterContainer" type="CenterContainer" parent="."]
margin_right = 1024.0
margin_bottom = 600.0

[node name="VBoxContainer" type="VBoxContainer" parent="CenterContainer"]
margin_left = 448.0
margin_top = 258.0
margin_right = 576.0
margin_bottom = 342.0
size_flags_vertical = 3
alignment = 1

[node name="LinkButton" type="LinkButton" parent="CenterContainer/VBoxContainer"]
margin_right = 128.0
margin_bottom = 40.0
custom_fonts/font = ExtResource( 1 )
text = "Level 1"
script = ExtResource( 3 )
scene_to_load = "Level 1"

[node name="LinkButton2" type="LinkButton" parent="CenterContainer/VBoxContainer"]
margin_top = 44.0
margin_right = 128.0
margin_bottom = 84.0
custom_fonts/font = ExtResource( 1 )
text = "Level 2"
script = ExtResource( 4 )
scene_to_load = "Level 2"
[connection signal="pressed" from="CenterContainer/VBoxContainer/LinkButton" to="CenterContainer/VBoxContainer/LinkButton" method="_on_stage1_pressed"]
[connection signal="pressed" from="CenterContainer/VBoxContainer/LinkButton2" to="CenterContainer/VBoxContainer/LinkButton2" method="_on_stage2_pressed"]
